@book{statistics_nutshell,
    author = {Sarah Boslaugh},
    title = {Statistics in a Nutshell},
    publisher = {O'Reilly Media},
    year = {2012},
    edition = {2nd},
    isbn = {978-1-449-36114-3},
    url = {https://www.oreilly.com/library/view/statistics-in-a/9781449361129/}
}

@book{stats_applications,
    author = {Chris P. Tsokos and Kandethody M. Ramachandran},
    title = {Mathematical Statistics with Applications},
    edition = {1st},
    publisher = {Academic Press},
    year = {2009},
    month = {March},
    day = {12},
    language = {English},
    isbn = {9780123748485},
}

@misc{scribbr_bias,
    author = {Pritha Bhandari},
    url = {https://www.scribbr.com/research-bias/sampling-bias/},
    title = {Sampling Bias and How to Avoid It $|$ Types \& Examples},
    year = {2020},
}

@book{casestudy,
  author         = {Dety Nurfadilah and Yulita F Susanti},
  publisher      = {Ipmi Press},
  title          = {Case Study for Descriptive Statistics},
  year           = {2022},
  isbn           = {978-623-09-2937-3},
}

@misc{paletteTataCliq,
  title = {Best Lipstick Brands in India},
  howpublished = {Online},
  note = {Accessed on April 10, 2024},
  url = {https://palette.tatacliq.com/watch/best-lipstick-brands-in-india}
}

@misc{timesprimeMakeupBrands,
  title = {10 Best Makeup Brands in India - Top Indian Cosmetic Brands},
  howpublished = {Online},
  note = {Accessed on April 10, 2024},
  url = {https://www.timesprime.com/blog/10-best-makeup-brands-in-india--top-indian-cosmetic-brands-105205715}
}

@misc{timesprimeLipsticks2023,
  title = {12 Best Lipsticks in 2023: India's Top Brands \& Shades},
  howpublished = {Online},
  note = {Accessed on April 10, 2024},
  url = {https://www.timesprime.com/blog/12-best-lipsticks-in-2023-indias-top-brands--shades-103204075}
}
